<record><leader>00000cas a22000007a 4500</leader><controlfield tag="001">20173702</controlfield><controlfield tag="008">890814d19641972paudr ne      0    0eng d</controlfield><datafield ind1=" " ind2=" " tag="010"><subfield code="a">sn 89077348 </subfield></datafield><datafield ind1=" " ind2=" " tag="040"><subfield code="a">NPH</subfield><subfield code="b">eng</subfield><subfield code="c">NPH</subfield><subfield code="d">OCLCQ</subfield></datafield><datafield ind1=" " ind2=" " tag="042"><subfield code="a">msc</subfield></datafield><datafield ind1="0" ind2=" " tag="130"><subfield code="a">Daily free press (Quakertown, Pa. : 1964 : Quakertown and Upper Bucks County ed.)</subfield></datafield><datafield ind1="1" ind2="4" tag="245"><subfield code="a">The daily free press.</subfield></datafield><datafield ind1="1" ind2="7" tag="246"><subfield code="a">Free press</subfield></datafield><datafield ind1=" " ind2=" " tag="250"><subfield code="a">Quakertown and Upper Bucks County ed.</subfield></datafield><datafield ind1=" " ind2=" " tag="260"><subfield code="a">Quakertown, Pa. :</subfield><subfield code="b">Charles M. Meredith,</subfield><subfield code="c">1964-1972.</subfield></datafield><datafield ind1=" " ind2=" " tag="300"><subfield code="a">v. :</subfield><subfield code="b">ill.</subfield></datafield><datafield ind1=" " ind2=" " tag="310"><subfield code="a">Daily (except Sat. and Sun.)</subfield></datafield><datafield ind1="0" ind2=" " tag="362"><subfield code="a">No. 210 (June 5, 1964)-no. 135 (Feb. 18, 1972).</subfield></datafield><datafield ind1=" " ind2=" " tag="500"><subfield code="a">Edition statement varies.</subfield></datafield><datafield ind1=" " ind2=" " tag="752"><subfield code="a">United States</subfield><subfield code="b">Pennsylvania</subfield><subfield code="c">Bucks</subfield><subfield code="d">Quakertown.</subfield></datafield><datafield ind1="0" ind2=" " tag="775"><subfield code="t">Daily free press (Quakertown, Pa. : 1964 : Pennridge, Perkasie and Sellersville ed.)</subfield><subfield code="w">(DLC)sn 89077349</subfield></datafield><datafield ind1="0" ind2="0" tag="780"><subfield code="t">Daily free press. Quakertown free press</subfield><subfield code="w">(DLC)sn 89077347</subfield></datafield><datafield ind1="0" ind2="5" tag="780"><subfield code="t">Daily free press (Quakertown, Pa. : 1964 : Pennridge, Perkasie and Sellersville ed.)</subfield><subfield code="w">(DLC)sn 89077349</subfield></datafield><datafield ind1="0" ind2="0" tag="785"><subfield code="t">Free press (Quakertown, Pa.)</subfield><subfield code="w">(DLC)sn 89077350</subfield></datafield></record>